<?xml version="1.0" encoding="UTF-8"?><record xmlns="http://www.loc.gov/MARC21/slim" xmlns:cinclude="http://apache.org/cocoon/include/1.0" xmlns:zs="http://www.loc.gov/zing/srw/">
  <leader>00530nz  a2200133n  4500</leader>
  <controlfield tag="001">n  96002427 </controlfield>
  <controlfield tag="003">DLC</controlfield>
  <controlfield tag="005">19960116132320.4</controlfield>
  <controlfield tag="008">960116n| acannaab|          |a ana |||  </controlfield>
  <datafield tag="010" ind1=" " ind2=" ">
    <subfield code="a">n  96002427 </subfield>
  </datafield>
  <datafield tag="040" ind1=" " ind2=" ">
    <subfield code="a">DLC</subfield>
    <subfield code="c">DLC</subfield>
  </datafield>
  <datafield tag="110" ind1="2" ind2="0">
    <subfield code="a">Politechnika Wrocławska.</subfield>
    <subfield code="b">Katedra Planowania Przestrzennego</subfield>
  </datafield>
  <datafield tag="410" ind1="2" ind2="0">
    <subfield code="a">Politechnika Wrocławska.</subfield>
    <subfield code="b">Wydział Architektury.</subfield>
    <subfield code="b">Katedra Planowania Przestrzennego</subfield>
  </datafield>
  <datafield tag="670" ind1=" " ind2=" ">
    <subfield code="a">Model symulacyjno-decyzyjny ORION, 1994:</subfield>
    <subfield code="b">t.p. (Katedra Planowania Przestrzennego, Wydział Architektury Politechniki Wrocławskiej)</subfield>
  </datafield>
</record>